@book{PER,
	Author = {Perrone, Paolo},
	Edition = {},
	Publisher = {},
	Title = {Notes on Category Theory},
	Year = {2021}}
@book{HES,
	Author = {Hesselholt, Lars},
	Edition = {},
	Publisher = {},
	Title = {Lecture Notes on Witt vectors},
	Year = {2008}}
@book{HES2,
	AUTHOR = {Hesselholt, Lars},
     TITLE = {The big de {R}ham-{W}itt complex},
   JOURNAL = {Acta Math.},
  FJOURNAL = {Acta Mathematica},
    VOLUME = {214},
      YEAR = {2015},
    NUMBER = {1},
     PAGES = {135--207}}
@ARTICLE{perronearxiv,
       author = {{Perrone}, Paolo},
        title = "{Notes on Category Theory with examples from basic mathematics}",
      journal = {arXiv e-prints},
     keywords = {Mathematics - Category Theory, Computer Science - Logic in Computer Science, Mathematics - History and Overview},
         year = 2019,
        month = dec,
          eid = {arXiv:1912.10642},
        pages = {arXiv:1912.10642},
          doi = {10.48550/arXiv.1912.10642},
archivePrefix = {arXiv},
       eprint = {1912.10642},
 primaryClass = {math.CT},
       adsurl = {https://ui.adsabs.harvard.edu/abs/2019arXiv191210642P},
      adsnote = {Provided by the SAO/NASA Astrophysics Data System}
}
@misc{perrone2021notes,
      title={Notes on Category Theory with examples from basic mathematics}, 
      author={Paolo Perrone},
      year={2021},
      eprint={1912.10642v6},
      archivePrefix={arXiv},
      primaryClass={math.CT}
}
@book{maclane,
      author = {Mac Lane, Saunders},
      title = {Categories for the working mathematician},
      edition = {2},
      series = {Graduate Texts in Mathematics},
      volume = {5},
      publisher = {Springer-Verlag, New York},
      year = {1998}
}
@book{serre,
      author = {Serre, Jean-Pierre},
      title = {Local Fields},
      edition = {},
      series = {Graduate Texts in Mathematics},
      volume = {67},
      publisher = {Springer-Verlag, New York-Berlin},
      year = {1979}      
      }
@incollection {hazewinkel,
    AUTHOR = {Hazewinkel, Michiel},
     TITLE = {Witt vectors. {I}},
 BOOKTITLE = {Handbook of algebra. {V}ol. 6},
    SERIES = {Handb. Algebr.},
    VOLUME = {6},
     PAGES = {319--472},
 PUBLISHER = {Elsevier/North-Holland, Amsterdam},
      YEAR = {2009},
       DOI = {10.1016/S1570-7954(08)00207-6},
       URL = {https://doi.org/10.1016/S1570-7954(08)00207-6},
}
@article{Witt,
url = {https://doi.org/10.1515/crll.1937.176.126},
title = {Zyklische Körper und Algebren der Charakteristik $p$ vom Grad $p^n$. Struktur diskret bewerteter perfekter Körper mit vollkommenem Restklassenkörper der Charakteristik $p$.},
author = {Witt, Ernst},
pages = {126--140},
volume = {1937},
number = {176},
journal = {Journal für die reine und angewandte Mathematik},
doi = {doi:10.1515/crll.1937.176.126},
year = {1937},
publisher = {de Gruyter},
lastchecked = {2023-08-16}
}

